@book{baskerville2006music,
  title={Music Business Handbook and Career Guide},
  author={Baskerville, D.},
  isbn={9781412904384},
  lccn={2005003608},
  series={MUSIC BUSINESS HANDBOOK AND CAREER GUIDE},
  url={https://books.google.com.ec/books?id=LZxhW5ELHzoC},
  year={2006},
  publisher={SAGE Publications}
}
@book{passman2011all,
  title={All You Need to Know About the Music Business},
  author={Passman, D.S.},
  isbn={9780795309779},
  url={https://books.google.com.ec/books?id=QtFh7bEVNUEC},
  year={2011},
  publisher={RosettaBooks}
}
@book{ries2018lean,
  title={The Lean Startup},
  author={Ries, E.},
  isbn={9786022914983},
  url={https://books.google.com.ec/books?id=DSxjDwAAQBAJ},
  year={2018}
}
